
@article{citekey,
author = {Doe, John},
number = {June},
title = {{This is a sample title}},
year = {2016}
}
